<record><leader>00000cas a22000007a 4500</leader><controlfield tag="001">20362240</controlfield><controlfield tag="008">890918d19321970mduwr ne      0    0eng d</controlfield><datafield ind1=" " ind2=" " tag="010"><subfield code="a">sn 89060123 </subfield></datafield><datafield ind1=" " ind2=" " tag="040"><subfield code="a">MFN</subfield><subfield code="b">eng</subfield><subfield code="c">MFN</subfield><subfield code="d">OCLCQ</subfield></datafield><datafield ind1=" " ind2=" " tag="042"><subfield code="a">msc</subfield></datafield><datafield ind1=" " ind2="4" tag="050"><subfield code="a">AN41</subfield><subfield code="b">.E2</subfield></datafield><datafield ind1="0" ind2=" " tag="130"><subfield code="a">Eastern shore times (Berlin, Md.)</subfield></datafield><datafield ind1="1" ind2="0" tag="245"><subfield code="a">Eastern shore times.</subfield></datafield><datafield ind1=" " ind2=" " tag="260"><subfield code="a">Berlin, Md. :</subfield><subfield code="b">A.R. Holcombe</subfield></datafield><datafield ind1=" " ind2=" " tag="300"><subfield code="a">v.</subfield></datafield><datafield ind1=" " ind2=" " tag="310"><subfield code="a">Weekly</subfield></datafield><datafield ind1="0" ind2=" " tag="362"><subfield code="a">Vol. 7, no. 9 (Aug. 4, 1932)-v. 46, no. 30 (Jan. 22, 1970).</subfield></datafield><datafield ind1=" " ind2=" " tag="500"><subfield code="a">"Formerly the Berlin times, consolidated with the Berlin-Ocean City news."</subfield></datafield><datafield ind1=" " ind2=" " tag="752"><subfield code="a">United States</subfield><subfield code="b">Maryland</subfield><subfield code="c">Worcester</subfield><subfield code="d">Berlin.</subfield></datafield><datafield ind1=" " ind2=" " tag="752"><subfield code="a">United States</subfield><subfield code="b">Maryland</subfield><subfield code="c">Worcester</subfield><subfield code="d">Ocean City.</subfield></datafield><datafield ind1="0" ind2="4" tag="780"><subfield code="t">Berlin times</subfield></datafield><datafield ind1="0" ind2="4" tag="780"><subfield code="t">Berlin-Ocean City news</subfield></datafield><datafield ind1="0" ind2="7" tag="785"><subfield code="t">Maryland beacon</subfield></datafield><datafield ind1="0" ind2="7" tag="785"><subfield code="t">Eastern shore times and Maryland beacon</subfield><subfield code="w">(DLC)sn 88053019</subfield></datafield><datafield ind1="1" ind2=" " tag="029"><subfield code="a">AU@</subfield><subfield code="b">000025476753</subfield></datafield></record>